<?xml version="1.0" encoding="UTF-8"?><record xmlns="http://www.loc.gov/MARC21/slim" xmlns:cinclude="http://apache.org/cocoon/include/1.0" xmlns:zs="http://www.loc.gov/zing/srw/">
  <leader>00497nz  a2200145n  4500</leader>
  <controlfield tag="001">no2010000629</controlfield>
  <controlfield tag="003">DLC</controlfield>
  <controlfield tag="005">20100107075636.0</controlfield>
  <controlfield tag="008">100105n| acannaabn          |a aaa     c</controlfield>
  <datafield tag="010" ind1=" " ind2=" ">
    <subfield code="a">no2010000629</subfield>
  </datafield>
  <datafield tag="035" ind1=" " ind2=" ">
    <subfield code="a">(OCoLC)oca08350343</subfield>
  </datafield>
  <datafield tag="040" ind1=" " ind2=" ">
    <subfield code="a">WlAbNL</subfield>
    <subfield code="b">eng</subfield>
    <subfield code="c">WlAbNL</subfield>
  </datafield>
  <datafield tag="100" ind1="1" ind2=" ">
    <subfield code="a">Boston, Billy,</subfield>
    <subfield code="d">1934-</subfield>
  </datafield>
  <datafield tag="400" ind1="1" ind2=" ">
    <subfield code="a">Boston, William John,</subfield>
    <subfield code="d">1934-</subfield>
  </datafield>
  <datafield tag="670" ind1=" " ind2=" ">
    <subfield code="a">Billy Boston, 2009:</subfield>
    <subfield code="b">p. 11 (William John Boston, b. 6 Aug. 1934); p. 4 of cover (Billy Boston was a rugby league player for Wigan and Great Britain)</subfield>
  </datafield>
</record>